@article{Lee2008,
address = {New York, New York, USA},
author = {Lee, Kyung Soon and Croft, W. Bruce and Allan, James},
doi = {10.1145/1390334.1390376},
file = {:home/pv/Documents/papers/query-expansion/p235-lee.pdf:pdf},
isbn = {9781605581644},
journal = {Proceedings of the 31st annual international ACM SIGIR conference on Research and development in information retrieval - SIGIR '08},
keywords = {a cluster-based,dominant documents,information retrieval,pseudo-relevance feedback,query expansion,resampling},
pages = {235},
publisher = {ACM Press},
title = {{A cluster-based resampling method for pseudo-relevance feedback}},
url = {http://portal.acm.org/citation.cfm?doid=1390334.1390376},
year = {2008}
}

